<?xml version="1.0" encoding="UTF-8"?><collection xmlns="http://www.loc.gov/MARC21/slim"><record><leader>00406nam--2200133-i-4500</leader><controlfield tag="001">000022505</controlfield><controlfield tag="002">20161230</controlfield><controlfield tag="005">20161230201034</controlfield><controlfield tag="008">060222s1000------------r-----000-0-eng-d</controlfield><datafield ind1=" " ind2=" " tag="245"><subfield code="a">Group theory and solid state physics. a selection of papers</subfield></datafield><datafield ind1=" " ind2=" " tag="260"><subfield code="a">New York, Gordon And Breach Science Publishers 1964. X+293p</subfield></datafield><datafield ind1=" " ind2=" " tag="490"><subfield code="a">International Science Review Series</subfield></datafield><datafield ind1=" " ind2=" " tag="700"><subfield code="a">Meijer, Paul H</subfield></datafield><datafield ind1=" " ind2=" " tag="852"><subfield code="a">17618</subfield></datafield></record></collection>